<?xml version="1.0" encoding="UTF-8"?><record xmlns="http://www.loc.gov/MARC21/slim" xmlns:cinclude="http://apache.org/cocoon/include/1.0" xmlns:zs="http://www.loc.gov/zing/srw/">
  <leader>00445cz  a2200145n  4500</leader>
  <controlfield tag="001">n  88678436 </controlfield>
  <controlfield tag="003">DLC</controlfield>
  <controlfield tag="005">20000628064619.0</controlfield>
  <controlfield tag="008">881205n| acannaabn          |a aad      </controlfield>
  <datafield tag="010" ind1=" " ind2=" ">
    <subfield code="a">n  88678436 </subfield>
  </datafield>
  <datafield tag="035" ind1=" " ind2=" ">
    <subfield code="a">(OCoLC)oca02416998</subfield>
  </datafield>
  <datafield tag="040" ind1=" " ind2=" ">
    <subfield code="a">DLC</subfield>
    <subfield code="b">eng</subfield>
    <subfield code="c">DLC</subfield>
    <subfield code="d">OCoLC</subfield>
  </datafield>
  <datafield tag="100" ind1="1" ind2=" ">
    <subfield code="a">Soto-Krebs, Luis</subfield>
  </datafield>
  <datafield tag="400" ind1="1" ind2=" ">
    <subfield code="a">Krebs, Luis Soto-</subfield>
  </datafield>
  <datafield tag="670" ind1=" " ind2=" ">
    <subfield code="a">nuc88-133306: His Some ideas on creativity, 1980</subfield>
    <subfield code="b">(hdg. on ICU rept.: Soto-Krebs, Luis; usage: Luis Soto-Krebs)</subfield>
  </datafield>
</record>